@article{Allaire2022,
   author = {JJ Allaire and Tomasz Kalinowski and Francois Chollet},
   isbn = {9781633439849},
   title = {Deep Learning with R Second Edition},
   url = {https://www.manning.com/books/deep-learning-with-r-second-edition},
   year = {2022},
}
@book{james2013introduction,
  title={An introduction to statistical learning},
  author={James, Gareth and Witten, Daniela and Hastie, Trevor and Tibshirani, Robert},
  volume={112},
  year={2013},
  publisher={Springer}
}
@article{Hastie2009,
   author = {Trevor Hastie and Robert Tibshirani and Jerome Friedman},
   city = {New York, NY},
   doi = {10.1007/978-0-387-84858-7},
   isbn = {978-0-387-84857-0},
   publisher = {Springer New York},
   title = {The Elements of Statistical Learning},
   url = {http://link.springer.com/10.1007/978-0-387-84858-7},
   year = {2009},
}

@book{Goodfellow-et-al-2016,
    title={Deep Learning},
    author={Ian Goodfellow and Yoshua Bengio and Aaron Courville},
    publisher={MIT Press},
    note={\url{http://www.deeplearningbook.org}},
    year={2016}
}

@article{Arbib2000,
   author = {Michael A. Arbib},
   doi = {10.1353/PBM.2000.0001},
   issn = {1529-8795},
   issue = {2},
   journal = {Perspectives in Biology and Medicine},
   pages = {193-216},
   pmid = {10804585},
   publisher = {Johns Hopkins University Press},
   title = {Warren McCulloch's Search for the Logic of the Nervous System},
   volume = {43},
   url = {https://muse.jhu.edu/pub/1/article/46496},
   year = {2000},
}
