@web_page{,
   author = {Joaqu√≠n Amat Rodrigo},
   title = {Arboles de decision, Random Forest, Gradient Boosting y C5.0},
   url = {https://www.cienciadedatos.net/documentos/33_arboles_de_prediccion_bagging_random_forest_boosting#Introducci%C3%B3n},
   year = {2017},
}
