@article{10.1214/aos/1176344552,
author = {B. Efron},
title = {{Bootstrap Methods: Another Look at the Jackknife}},
volume = {7},
journal = {The Annals of Statistics},
number = {1},
publisher = {Institute of Mathematical Statistics},
pages = {1 -- 26},
keywords = {bootstrap, discriminant analysis, error rate estimation, jackknife, Nonlinear regression, nonparametric variance estimation, Resampling, subsample values},
year = {1979},
doi = {10.1214/aos/1176344552},
URL = {https://doi.org/10.1214/aos/1176344552}
}
